@MISC{lab,
	HOWPUBLISHED="\url{https://www.phys.hawaii.edu/~gorham/p305/Moonshot.html}",
	AUTHOR="Gorham, Peter",
	TITLE="Shooting the Moon",
	MONTH="Apr",
	YEAR="2019",
	NOTE="Accessed on 2019-04-16"
}

@BOOK{Comp,
    AUTHOR="Konstantinos N. Anagnostopoulos",
    TITLE="Computational Physics: A Practical Introduction to Computational Physics
and Scientific Computing (using C++)",
    PUBLISHER="National Technical University of Athens",
    YEAR="2016"
}

@BOOK{cpp,
    AUTHOR="Alex Allain",
    TITLE="Jumping into C++",
    PUBLISHER="CProgramming",
    YEAR="2013"
}

@BOOK{phys,
    AUTHOR="Young, Hugh D., Roger A. Freedman",
    TITLE="University Physics, 13th ed.",
    PUBLISHER="San Francisco, CA : Pearson",
    YEAR="2012"
}

@MISC{apollo,
	HOWPUBLISHED="\url{https://nssdc.gsfc.nasa.gov/planetary/lunar/apollo13info.html}",
	AUTHOR="Williams, David R.",
	TITLE="Apollo 13",
	PUBLISHER="NASA",
	MONTH="November",
	YEAR="2018",
	NOTE="Accessed on 2019-04-16"
}

@MISC{space,
	HOWPUBLISHED="\url{https://www.space.com/38700-nasa-history.html}",
	AUTHOR="Redd, Nola Taylor",
	TITLE="NASA: 60 Years of Space Exploration",
	PUBLISHER="Future US Inc.",
	MONTH="November",
	YEAR="2017",
	NOTE="Accessed on 2019-04-16"
}

@MISC{RK,	
	HOWPUBLISHED="\url{http://mathworld.wolfram.com/Runge-KuttaMethod.html}",
	AUTHOR="Weisstein, Eric W.",
	TITLE="Runge-Kutta Method",
	NOTE = "From MathWorld--A Wolfram Web Resource. Accessed on 2019-03-13"
}

@MISC{RK4,
	AUTHOR="Martin, Zachary",
	TITLE="PHYS 305 Assignment 7: Numerical Solutions to Differential Equations via Euler and Runge-Kutta Methods.",
	MONTH="Mar",
	YEAR="2019"
}