@MISC{Laulima,
	HOWPUBLISHED="\url{https://www.phys.hawaii.edu/~gorham/p305/DiffEq2.html}",
	AUTHOR="Gorham, Peter",
	TITLE="Numerical Solutions of Differential Equations: Runge-Kutta",
	MONTH="Mar",
	YEAR="2019",
	NOTE="Accessed on 2019-03-13"
}

@BOOK{Comp,
    AUTHOR="Konstantinos N. Anagnostopoulos",
    TITLE="Computational Physics: A Practical Introduction to Computational Physics
and Scientific Computing (using C++)",
    PUBLISHER="National Technical University of Athens",
    YEAR="2016"
}

@BOOK{cpp,
    AUTHOR="Alex Allain",
    TITLE="Jumping into C++",
    PUBLISHER="CProgramming",
    YEAR="2013"
}

@BOOK{Euler,
    AUTHOR="Landau, Rubin H.",
    TITLE="Computational Physics: Problem Solving with Computers",
    PUBLISHER="WILEY-VCH Verlag GmbH \& Co. KGaA. Weinheim",
    YEAR="2007"
}

@MISC{RK,
	HOWPUBLISHED="\url{http://mathworld.wolfram.com/Runge-KuttaMethod.html}",
	AUTHOR="Weisstein, Eric W.",
	TITLE="Runge-Kutta Method",
	NOTE = "From MathWorld--A Wolfram Web Resource. Accessed on 2019-03-13"
}

@MISC{precision,
	AUTHOR="Martin, Zachary",
	TITLE="PHYS 305 Assignment 2: Analyzing the Behavior of a Bouncing Ball with Energy Loss per Bounce and Machine Precision.",
	MONTH="Jan",
	YEAR="2019"
}