@MISC{Laulima,
	HOWPUBLISHED = "\url{https://laulima.hawaii.edu/x/5AbGfV}",
	AUTHOR = "Gorham, Peter",
	TITLE = "PHYS305 Lab 2",
	MONTH = "Jan",
	YEAR = "2019",
	NOTE = "Accessed on 2019-01-24"
}

@BOOK{Comp,
    AUTHOR="Konstantinos N. Anagnostopoulos",
    TITLE="Computational Physics: A Practical Introduction to Computational Physics
and Scientific Computing (using C++)",
    PUBLISHER="National Technical University of Athens",
    YEAR="2016",
}

@BOOK{cpp,
    AUTHOR="Alex Allain",
    TITLE="Jumping into C++",
    PUBLISHER="CProgramming",
    YEAR="2013",
}